@inbook{Wu:2018,
author = {Wu, Xiaona and Zhao, Cheng and Xie, Rong and Song, Li},
year = {2018},
month = {02},
pages = {357-367},
title = {Low Latency MPEG-DASH System Over HTTP 2.0 and WebSocket},
isbn = {978-981-10-8107-1},
doi = {10.1007/978-981-10-8108-8_33}
}